<?xml version="1.0" encoding="UTF-8"?><collection xmlns="http://www.loc.gov/MARC21/slim"><record><leader>00422nam--2200133-i-4500</leader><controlfield tag="001">000002997</controlfield><controlfield tag="002">20161230</controlfield><controlfield tag="005">20161230201025</controlfield><controlfield tag="008">060222s1000------------r-----000-0-eng-d</controlfield><datafield ind1=" " ind2=" " tag="080"><subfield code="a">621.372</subfield></datafield><datafield ind1=" " ind2=" " tag="100"><subfield code="a">Artus, Wilhelm</subfield></datafield><datafield ind1=" " ind2=" " tag="245"><subfield code="a">Einfuhrung in die elektrische nachrichten- technik. elementare ubertragungssysteme. fernsprech-leitung, zweipole, vierpole</subfield></datafield><datafield ind1=" " ind2=" " tag="260"><subfield code="a">Munchen, Oldenburg, 1957 486 P. + Figuri</subfield></datafield><datafield ind1=" " ind2=" " tag="852"><subfield code="a">11845</subfield></datafield></record></collection>